<?xml version="1.0" encoding="UTF-8"?><record xmlns="http://www.loc.gov/MARC21/slim" xmlns:cinclude="http://apache.org/cocoon/include/1.0" xmlns:zs="http://www.loc.gov/zing/srw/">
  <leader>00449nz  a2200133n  4500</leader>
  <controlfield tag="001">no2009048971</controlfield>
  <controlfield tag="003">DLC</controlfield>
  <controlfield tag="005">20090401075605.0</controlfield>
  <controlfield tag="008">090330n| acannaabn          |n aaa     c</controlfield>
  <datafield tag="010" ind1=" " ind2=" ">
    <subfield code="a">no2009048971</subfield>
  </datafield>
  <datafield tag="035" ind1=" " ind2=" ">
    <subfield code="a">(OCoLC)oca08061536</subfield>
  </datafield>
  <datafield tag="040" ind1=" " ind2=" ">
    <subfield code="a">KyLoU-Mu</subfield>
    <subfield code="b">eng</subfield>
    <subfield code="c">KyLoU-Mu</subfield>
  </datafield>
  <datafield tag="100" ind1="1" ind2=" ">
    <subfield code="a">Joubert, John,</subfield>
    <subfield code="d">1927-</subfield>
    <subfield code="t">Divisions on a ground</subfield>
  </datafield>
  <datafield tag="670" ind1=" " ind2=" ">
    <subfield code="a">Joubert, J. Divisions on a ground, c2005:</subfield>
    <subfield code="b">t.p. (Divisions on a ground : 2005, study op. 154 for 'cello unaccompanied)</subfield>
  </datafield>
</record>